@article{LHCb:2014vgu,
    author = "Aaij, Roel and others",
    collaboration = "LHCb",
    title = "{Test of lepton universality using $B^{+}\rightarrow K^{+}\ell^{+}\ell^{-}$ decays}",
    eprint = "1406.6482",
    archivePrefix = "arXiv",
    primaryClass = "hep-ex",
    reportNumber = "CERN-PH-EP-2014-140, LHCB-PAPER-2014-024",
    doi = "10.1103/PhysRevLett.113.151601",
    journal = "Phys. Rev. Lett.",
    volume = "113",
    pages = "151601",
    year = "2014"
}
@article{LHCb:2017avl,
    author = "Aaij, R. and others",
    collaboration = "LHCb",
    title = "{Test of lepton universality with $B^{0} \rightarrow K^{*0}\ell^{+}\ell^{-}$ decays}",
    eprint = "1705.05802",
    archivePrefix = "arXiv",
    primaryClass = "hep-ex",
    reportNumber = "LHCB-PAPER-2017-013, CERN-EP-2017-100",
    doi = "10.1007/JHEP08(2017)055",
    journal = "JHEP",
    volume = "08",
    pages = "055",
    year = "2017"
}
@article{LHCb:2013ghj,
    author = "Aaij, R and others",
    collaboration = "LHCb",
    title = "{Measurement of Form-Factor-Independent Observables in the Decay $B^{0} \to K^{*0} \mu^+ \mu^-$}",
    eprint = "1308.1707",
    archivePrefix = "arXiv",
    primaryClass = "hep-ex",
    reportNumber = "LHCB-PAPER-2013-037, CERN-PH-EP-2013-146",
    doi = "10.1103/PhysRevLett.111.191801",
    journal = "Phys. Rev. Lett.",
    volume = "111",
    pages = "191801",
    year = "2013"
}
@article{LHCb:2015svh,
    author = "Aaij, Roel and others",
    collaboration = "LHCb",
    title = "{Angular analysis of the $B^{0} \to K^{*0} \mu^{+} \mu^{-}$ decay using 3 fb$^{-1}$ of integrated luminosity}",
    eprint = "1512.04442",
    archivePrefix = "arXiv",
    primaryClass = "hep-ex",
    reportNumber = "CERN-PH-EP-2015-314, LHCB-PAPER-2015-051",
    doi = "10.1007/JHEP02(2016)104",
    journal = "JHEP",
    volume = "02",
    pages = "104",
    year = "2016"
}
@article{Belle:2016fev,
    author = "Wehle, S. and others",
    collaboration = "Belle",
    title = "{Lepton-Flavor-Dependent Angular Analysis of $B\to K^\ast \ell^+\ell^-$}",
    eprint = "1612.05014",
    archivePrefix = "arXiv",
    primaryClass = "hep-ex",
    reportNumber = "BELLE-PREPRINT-2016-15, KEK-PREPRINT-2016-54",
    doi = "10.1103/PhysRevLett.118.111801",
    journal = "Phys. Rev. Lett.",
    volume = "118",
    number = "11",
    pages = "111801",
    year = "2017"
}
@article{Capdevila:2017bsm,
    author = "Capdevila, Bernat and Crivellin, Andreas and Descotes-Genon, S\'ebastien and Matias, Joaquim and Virto, Javier",
    title = "{Patterns of New Physics in $b\to s\ell^+\ell^-$ transitions in the light of recent data}",
    eprint = "1704.05340",
    archivePrefix = "arXiv",
    primaryClass = "hep-ph",
    reportNumber = "PSI-PR-17-05, LPT-ORSAY-17-19",
    doi = "10.1007/JHEP01(2018)093",
    journal = "JHEP",
    volume = "01",
    pages = "093",
    year = "2018"
}
@article{Altmannshofer:2017yso,
    author = "Altmannshofer, Wolfgang and Stangl, Peter and Straub, David M.",
    title = "{Interpreting Hints for Lepton Flavor Universality Violation}",
    eprint = "1704.05435",
    archivePrefix = "arXiv",
    primaryClass = "hep-ph",
    doi = "10.1103/PhysRevD.96.055008",
    journal = "Phys. Rev. D",
    volume = "96",
    number = "5",
    pages = "055008",
    year = "2017"
}
@article{Geng:2017svp,
    author = {Geng, Li-Sheng and Grinstein, Benjam\'\i{}n and J\"ager, Sebastian and Martin Camalich, Jorge and Ren, Xiu-Lei and Shi, Rui-Xiang},
    title = "{Towards the discovery of new physics with lepton-universality ratios of $b\to s\ell\ell$ decays}",
    eprint = "1704.05446",
    archivePrefix = "arXiv",
    primaryClass = "hep-ph",
    reportNumber = "CERN-TH-2017-085",
    doi = "10.1103/PhysRevD.96.093006",
    journal = "Phys. Rev. D",
    volume = "96",
    number = "9",
    pages = "093006",
    year = "2017"
}
@article{Ciuchini:2017mik,
    author = "Ciuchini, Marco and Coutinho, Antonio M. and Fedele, Marco and Franco, Enrico and Paul, Ayan and Silvestrini, Luca and Valli, Mauro",
    title = "{On Flavourful Easter eggs for New Physics hunger and Lepton Flavour Universality violation}",
    eprint = "1704.05447",
    archivePrefix = "arXiv",
    primaryClass = "hep-ph",
    doi = "10.1140/epjc/s10052-017-5270-2",
    journal = "Eur. Phys. J. C",
    volume = "77",
    number = "10",
    pages = "688",
    year = "2017"
}
@article{DAmico:2017mtc,
    author = "D'Amico, Guido and Nardecchia, Marco and Panci, Paolo and Sannino, Francesco and Strumia, Alessandro and Torre, Riccardo and Urbano, Alfredo",
    title = "{Flavour anomalies after the $R_{K^*}$ measurement}",
    eprint = "1704.05438",
    archivePrefix = "arXiv",
    primaryClass = "hep-ph",
    reportNumber = "CP3-ORIGINS-2017-014, CERN-TH-2017-086, IFUP-TH/2017, CP3-Origins-2017-014",
    doi = "10.1007/JHEP09(2017)010",
    journal = "JHEP",
    volume = "09",
    pages = "010",
    year = "2017"
}
@article{Hiller:2017bzc,
    author = "Hiller, Gudrun and Nisandzic, Ivan",
    title = "{$R_K$ and $R_{K^{\ast}}$ beyond the standard model}",
    eprint = "1704.05444",
    archivePrefix = "arXiv",
    primaryClass = "hep-ph",
    reportNumber = "DO-TH-17-04",
    doi = "10.1103/PhysRevD.96.035003",
    journal = "Phys. Rev. D",
    volume = "96",
    number = "3",
    pages = "035003",
    year = "2017"
}
@article{Meinel:2016grj,
    author = "Meinel, Stefan and van Dyk, Danny",
    title = "{Using $\Lambda_b\to \Lambda\mu^+\mu^-$ data within a Bayesian analysis of $|\Delta B| = |\Delta S| = 1$ decays}",
    eprint = "1603.02974",
    archivePrefix = "arXiv",
    primaryClass = "hep-ph",
    reportNumber = "EOS-2016-02, RBRC-1168, ZU-TH-7-16",
    doi = "10.1103/PhysRevD.94.013007",
    journal = "Phys. Rev. D",
    volume = "94",
    number = "1",
    pages = "013007",
    year = "2016"
}
@article{Ciezarek:2017yzh,
    author = {Ciezarek, Gregory and Franco Sevilla, Manuel and Hamilton, Brian and Kowalewski, Robert and Kuhr, Thomas and L\"uth, Vera and Sato, Yutaro},
    title = "{A Challenge to Lepton Universality in B Meson Decays}",
    eprint = "1703.01766",
    archivePrefix = "arXiv",
    primaryClass = "hep-ex",
    doi = "10.1038/nature22346",
    journal = "Nature",
    volume = "546",
    pages = "227--233",
    year = "2017"
}
@article{Celis:2017doq,
    author = "Celis, Alejandro and Fuentes-Martin, Javier and Vicente, Avelino and Virto, Javier",
    title = "{Gauge-invariant implications of the LHCb measurements on lepton-flavor nonuniversality}",
    eprint = "1704.05672",
    archivePrefix = "arXiv",
    primaryClass = "hep-ph",
    reportNumber = "LMU-ASC-25-17, IFIC-17-20",
    doi = "10.1103/PhysRevD.96.035026",
    journal = "Phys. Rev. D",
    volume = "96",
    number = "3",
    pages = "035026",
    year = "2017"
}
@article{Becirevic:2017jtw,
    author = "Be\v{c}irevi\'c, Damir and Sumensari, Olcyr",
    title = "{A leptoquark model to accommodate $R_K^\mathrm{exp} < R_K^\mathrm{SM}$ and $R_{K^\ast}^\mathrm{exp} < R_{K^\ast}^\mathrm{SM}$}",
    eprint = "1704.05835",
    archivePrefix = "arXiv",
    primaryClass = "hep-ph",
    reportNumber = "LPT-17-20",
    doi = "10.1007/JHEP08(2017)104",
    journal = "JHEP",
    volume = "08",
    pages = "104",
    year = "2017"
}
@article{Fox:2018ldq,
    author = "Fox, Patrick J. and Low, Ian and Zhang, Yue",
    title = "{Top-philic $Z'$ forces at the LHC}",
    eprint = "1801.03505",
    archivePrefix = "arXiv",
    primaryClass = "hep-ph",
    reportNumber = "FERMILAB-PUB-18-005-T, NUHEP-TH-18-01, CERN-TH-2018-010",
    doi = "10.1007/JHEP03(2018)074",
    journal = "JHEP",
    volume = "03",
    pages = "074",
    year = "2018"
}
@article{Buchmuller:1985jz,
    author = "Buchmuller, W. and Wyler, D.",
    title = "{Effective Lagrangian Analysis of New Interactions and Flavor Conservation}",
    reportNumber = "CERN-TH-4254/85",
    doi = "10.1016/0550-3213(86)90262-2",
    journal = "Nucl. Phys. B",
    volume = "268",
    pages = "621--653",
    year = "1986"
}
@article{Buchalla:2013eza,
    author = "Buchalla, Gerhard and Cat\'a, Oscar and Krause, Claudius",
    title = "{On the Power Counting in Effective Field Theories}",
    eprint = "1312.5624",
    archivePrefix = "arXiv",
    primaryClass = "hep-ph",
    reportNumber = "LMU-ASC-81-13",
    doi = "10.1016/j.physletb.2014.02.015",
    journal = "Phys. Lett. B",
    volume = "731",
    pages = "80--86",
    year = "2014"
}
@article{Pich:2018ltt,
    author = "Pich, Antonio",
    editor = "Davidson, Sacha and Gambino, Paolo and Laine, Mikko and Neubert, Matthias and Salomon, Christophe",
    title = "{Effective Field Theory with Nambu-Goldstone Modes}",
    eprint = "1804.05664",
    archivePrefix = "arXiv",
    primaryClass = "hep-ph",
    reportNumber = "IFIC/18-13, FTUV/18-0415, IFIC-18-13, FTUV-18-0415",
    doi = "10.1093/oso/9780198855743.003.0003",
    month = "4",
    year = "2018"
}
@article{Grzadkowski:2010es,
    author = "Grzadkowski, B. and Iskrzynski, M. and Misiak, M. and Rosiek, J.",
    title = "{Dimension-Six Terms in the Standard Model Lagrangian}",
    eprint = "1008.4884",
    archivePrefix = "arXiv",
    primaryClass = "hep-ph",
    reportNumber = "IFT-9-2010, TTP10-35",
    doi = "10.1007/JHEP10(2010)085",
    journal = "JHEP",
    volume = "10",
    pages = "085",
    year = "2010"
}
@article{Jenkins:2013wua,
    author = "Jenkins, Elizabeth E. and Manohar, Aneesh V. and Trott, Michael",
    title = "{Renormalization Group Evolution of the Standard Model Dimension Six Operators II: Yukawa Dependence}",
    eprint = "1310.4838",
    archivePrefix = "arXiv",
    primaryClass = "hep-ph",
    reportNumber = "CERN-PH-TH/2015-247",
    doi = "10.1007/JHEP01(2014)035",
    journal = "JHEP",
    volume = "01",
    pages = "035",
    year = "2014"
}
@article{Celis:2017hod,
    author = "Celis, Alejandro and Fuentes-Martin, Javier and Vicente, Avelino and Virto, Javier",
    title = "{DsixTools: The Standard Model Effective Field Theory Toolkit}",
    eprint = "1704.04504",
    archivePrefix = "arXiv",
    primaryClass = "hep-ph",
    reportNumber = "LMU-ASC-24-17, IFIC-17-18",
    doi = "10.1140/epjc/s10052-017-4967-6",
    journal = "Eur. Phys. J. C",
    volume = "77",
    number = "6",
    pages = "405",
    year = "2017"
}
@article{Aebischer:2015fzz,
    author = "Aebischer, Jason and Crivellin, Andreas and Fael, Matteo and Greub, Christoph",
    title = "{Matching of gauge invariant dimension-six operators for $b\to s$ and $b\to c$ transitions}",
    eprint = "1512.02830",
    archivePrefix = "arXiv",
    primaryClass = "hep-ph",
    reportNumber = "CERN-PH-TH-2015-278",
    doi = "10.1007/JHEP05(2016)037",
    journal = "JHEP",
    volume = "05",
    pages = "037",
    year = "2016"
}
@article{ALEPH:2005ab,
    author = "Schael, S. and others",
    collaboration = "ALEPH, DELPHI, L3, OPAL, SLD, LEP Electroweak Working Group, SLD Electroweak Group, SLD Heavy Flavour Group",
    title = "{Precision electroweak measurements on the $Z$ resonance}",
    eprint = "hep-ex/0509008",
    archivePrefix = "arXiv",
    reportNumber = "SLAC-R-774",
    doi = "10.1016/j.physrep.2005.12.006",
    journal = "Phys. Rept.",
    volume = "427",
    pages = "257--454",
    year = "2006"
}
@article{Altmannshofer:2017fio,
    author = "Altmannshofer, Wolfgang and Niehoff, Christoph and Stangl, Peter and Straub, David M.",
    title = "{Status of the $B\rightarrow K^*\mu ^+\mu ^-$ anomaly after Moriond 2017}",
    eprint = "1703.09189",
    archivePrefix = "arXiv",
    primaryClass = "hep-ph",
    doi = "10.1140/epjc/s10052-017-4952-0",
    journal = "Eur. Phys. J. C",
    volume = "77",
    number = "6",
    pages = "377",
    year = "2017"
}
@article{Buras:2014fpa,
    author = "Buras, Andrzej J. and Girrbach-Noe, Jennifer and Niehoff, Christoph and Straub, David M.",
    title = "{$ B\to {K}^{\left(\ast \right)}\nu \overline{\nu} $ decays in the Standard Model and beyond}",
    eprint = "1409.4557",
    archivePrefix = "arXiv",
    primaryClass = "hep-ph",
    reportNumber = "FLAVOUR(267104)-ERC-80",
    doi = "10.1007/JHEP02(2015)184",
    journal = "JHEP",
    volume = "02",
    pages = "184",
    year = "2015"
}
@article{Kamenik:2017tnu,
    author = "Kamenik, Jernej F. and Soreq, Yotam and Zupan, Jure",
    title = "{Lepton flavor universality violation without new sources of quark flavor violation}",
    eprint = "1704.06005",
    archivePrefix = "arXiv",
    primaryClass = "hep-ph",
    reportNumber = "CERN-TH-2017-089, MIT-CTP-4904",
    doi = "10.1103/PhysRevD.97.035002",
    journal = "Phys. Rev. D",
    volume = "97",
    number = "3",
    pages = "035002",
    year = "2018"
}
@article{Efrati:2015eaa,
    author = "Efrati, Aielet and Falkowski, Adam and Soreq, Yotam",
    title = "{Electroweak constraints on flavorful effective theories}",
    eprint = "1503.07872",
    archivePrefix = "arXiv",
    primaryClass = "hep-ph",
    reportNumber = "LPT-ORSAY-15-23",
    doi = "10.1007/JHEP07(2015)018",
    journal = "JHEP",
    volume = "07",
    pages = "018",
    year = "2015"
}
@article{Dorsner:2016wpm,
    author = "Dor\v{s}ner, I. and Fajfer, S. and Greljo, A. and Kamenik, J. F. and Ko\v{s}nik, N.",
    title = "{Physics of leptoquarks in precision experiments and at particle colliders}",
    eprint = "1603.04993",
    archivePrefix = "arXiv",
    primaryClass = "hep-ph",
    doi = "10.1016/j.physrep.2016.06.001",
    journal = "Phys. Rept.",
    volume = "641",
    pages = "1--68",
    year = "2016"
}
@article{deBlas:2017xtg,
    author = "de Blas, J. and Criado, J. C. and Perez-Victoria, M. and Santiago, J.",
    title = "{Effective description of general extensions of the Standard Model: the complete tree-level dictionary}",
    eprint = "1711.10391",
    archivePrefix = "arXiv",
    primaryClass = "hep-ph",
    reportNumber = "CERN-TH-2017-251",
    doi = "10.1007/JHEP03(2018)109",
    journal = "JHEP",
    volume = "03",
    pages = "109",
    year = "2018"
}
@article{Langacker:2008yv,
    author = "Langacker, Paul",
    title = "{The Physics of Heavy $Z^\prime$ Gauge Bosons}",
    eprint = "0801.1345",
    archivePrefix = "arXiv",
    primaryClass = "hep-ph",
    doi = "10.1103/RevModPhys.81.1199",
    journal = "Rev. Mod. Phys.",
    volume = "81",
    pages = "1199--1228",
    year = "2009"
}
@article{Buchmuller:1986zs,
    author = "Buchmuller, W. and Ruckl, R. and Wyler, D.",
    title = "{Leptoquarks in Lepton - Quark Collisions}",
    reportNumber = "DESY-86-150, ITP-UH-14-86",
    doi = "10.1016/0370-2693(87)90637-X",
    journal = "Phys. Lett. B",
    volume = "191",
    pages = "442--448",
    year = "1987",
    note = "[Erratum: Phys.Lett.B 448, 320--320 (1999)]"
}
@article{Georgi:1974sy,
    author = "Georgi, H. and Glashow, S. L.",
    title = "{Unity of All Elementary Particle Forces}",
    doi = "10.1103/PhysRevLett.32.438",
    journal = "Phys. Rev. Lett.",
    volume = "32",
    pages = "438--441",
    year = "1974"
}
@article{Pati:1974yy,
    author = "Pati, Jogesh C. and Salam, Abdus",
    title = "{Lepton Number as the Fourth Color}",
    reportNumber = "IC-74-7",
    doi = "10.1103/PhysRevD.10.275",
    journal = "Phys. Rev. D",
    volume = "10",
    pages = "275--289",
    year = "1974",
    note = "[Erratum: Phys.Rev.D 11, 703--703 (1975)]"
}
@article{Gripaios:2009dq,
    author = "Gripaios, Ben",
    title = "{Composite Leptoquarks at the LHC}",
    eprint = "0910.1789",
    archivePrefix = "arXiv",
    primaryClass = "hep-ph",
    reportNumber = "CERN-PH-TH-2009-190",
    doi = "10.1007/JHEP02(2010)045",
    journal = "JHEP",
    volume = "02",
    pages = "045",
    year = "2010"
}
@article{delAguila:2010mx,
    author = "del Aguila, F. and de Blas, J. and Perez-Victoria, M.",
    title = "{Electroweak Limits on General New Vector Bosons}",
    eprint = "1005.3998",
    archivePrefix = "arXiv",
    primaryClass = "hep-ph",
    reportNumber = "UG-FT-272-10, CAFPE-142-10",
    doi = "10.1007/JHEP09(2010)033",
    journal = "JHEP",
    volume = "09",
    pages = "033",
    year = "2010"
}
@article{Alonso:2015sja,
    author = "Alonso, Rodrigo and Grinstein, Benjam\'\i{}n and Martin Camalich, Jorge",
    title = "{Lepton universality violation and lepton flavor conservation in $B$-meson decays}",
    eprint = "1505.05164",
    archivePrefix = "arXiv",
    primaryClass = "hep-ph",
    doi = "10.1007/JHEP10(2015)184",
    journal = "JHEP",
    volume = "10",
    pages = "184",
    year = "2015"
}
@article{Bobeth:2017ecx,
    author = "Bobeth, Christoph and Buras, Andrzej J.",
    title = "{Leptoquarks meet $\varepsilon'/\varepsilon$ and rare Kaon processes}",
    eprint = "1712.01295",
    archivePrefix = "arXiv",
    primaryClass = "hep-ph",
    reportNumber = "TUM-HEP-1114-17, TUM-HEP-1114/17",
    doi = "10.1007/JHEP02(2018)101",
    journal = "JHEP",
    volume = "02",
    pages = "101",
    year = "2018"
}
@article{Alvarez:2016nrz,
    author = "Alvarez, Ezequiel and Faroughy, Darius A. and Kamenik, Jernej F. and Morales, Roberto and Szynkman, Alejandro",
    title = "{Four Tops for LHC}",
    eprint = "1611.05032",
    archivePrefix = "arXiv",
    primaryClass = "hep-ph",
    reportNumber = "ICAS-025-16",
    doi = "10.1016/j.nuclphysb.2016.11.024",
    journal = "Nucl. Phys. B",
    volume = "915",
    pages = "19--43",
    year = "2017"
}
@article{Kim:2016plm,
    author = "Kim, Jeong Han and Kong, Kyoungchul and Lee, Seung J. and Mohlabeng, Gopolang",
    title = "{Probing TeV scale Top-Philic Resonances with Boosted Top-Tagging at the High Luminosity LHC}",
    eprint = "1604.07421",
    archivePrefix = "arXiv",
    primaryClass = "hep-ph",
    reportNumber = "FERMILAB-PUB-16-125-T",
    doi = "10.1103/PhysRevD.94.035023",
    journal = "Phys. Rev. D",
    volume = "94",
    number = "3",
    pages = "035023",
    year = "2016"
}
@article{Altmannshofer:2014pba,
    author = "Altmannshofer, Wolfgang and Gori, Stefania and Pospelov, Maxim and Yavin, Itay",
    title = "{Neutrino Trident Production: A Powerful Probe of New Physics with Neutrino Beams}",
    eprint = "1406.2332",
    archivePrefix = "arXiv",
    primaryClass = "hep-ph",
    doi = "10.1103/PhysRevLett.113.091801",
    journal = "Phys. Rev. Lett.",
    volume = "113",
    pages = "091801",
    year = "2014"
}
@article{Alloul:2013bka,
    author = "Alloul, Adam and Christensen, Neil D. and Degrande, C\'eline and Duhr, Claude and Fuks, Benjamin",
    title = "{FeynRules  2.0 - A complete toolbox for tree-level phenomenology}",
    eprint = "1310.1921",
    archivePrefix = "arXiv",
    primaryClass = "hep-ph",
    reportNumber = "CERN-PH-TH-2013-239, MCNET-13-14, IPPP-13-71, DCPT-13-142, PITT-PACC-1308",
    doi = "10.1016/j.cpc.2014.04.012",
    journal = "Comput. Phys. Commun.",
    volume = "185",
    pages = "2250--2300",
    year = "2014"
}
@article{Alwall:2014hca,
    author = "Alwall, J. and Frederix, R. and Frixione, S. and Hirschi, V. and Maltoni, F. and Mattelaer, O. and Shao, H. -S. and Stelzer, T. and Torrielli, P. and Zaro, M.",
    title = "{The automated computation of tree-level and next-to-leading order differential cross sections, and their matching to parton shower simulations}",
    eprint = "1405.0301",
    archivePrefix = "arXiv",
    primaryClass = "hep-ph",
    reportNumber = "CERN-PH-TH-2014-064, CP3-14-18, LPN14-066, MCNET-14-09, ZU-TH-14-14",
    doi = "10.1007/JHEP07(2014)079",
    journal = "JHEP",
    volume = "07",
    pages = "079",
    year = "2014"
}
@article{Sjostrand:2014zea,
    author = {Sj\"ostrand, Torbj\"orn and Ask, Stefan and Christiansen, Jesper R. and Corke, Richard and Desai, Nishita and Ilten, Philip and Mrenna, Stephen and Prestel, Stefan and Rasmussen, Christine O. and Skands, Peter Z.},
    title = "{An introduction to PYTHIA 8.2}",
    eprint = "1410.3012",
    archivePrefix = "arXiv",
    primaryClass = "hep-ph",
    reportNumber = "LU-TP-14-36, MCNET-14-22, CERN-PH-TH-2014-190, FERMILAB-PUB-14-316-CD, DESY-14-178, SLAC-PUB-16122",
    doi = "10.1016/j.cpc.2015.01.024",
    journal = "Comput. Phys. Commun.",
    volume = "191",
    pages = "159--177",
    year = "2015"
}
@article{deFavereau:2013fsa,
    author = "de Favereau, J. and Delaere, C. and Demin, P. and Giammanco, A. and Lema\^\i{}tre, V. and Mertens, A. and Selvaggi, M.",
    collaboration = "DELPHES 3",
    title = "{DELPHES 3, A modular framework for fast simulation of a generic collider experiment}",
    eprint = "1307.6346",
    archivePrefix = "arXiv",
    primaryClass = "hep-ex",
    doi = "10.1007/JHEP02(2014)057",
    journal = "JHEP",
    volume = "02",
    pages = "057",
    year = "2014"
}
@article{Mandal:2015lca,
    author = "Mandal, Tanumoy and Mitra, Subhadip and Seth, Satyajit",
    title = "{Pair Production of Scalar Leptoquarks at the LHC to NLO Parton Shower Accuracy}",
    eprint = "1506.07369",
    archivePrefix = "arXiv",
    primaryClass = "hep-ph",
    reportNumber = "HRI-RECAPP-2015-013, MITP-15-043",
    doi = "10.1103/PhysRevD.93.035018",
    journal = "Phys. Rev. D",
    volume = "93",
    number = "3",
    pages = "035018",
    year = "2016"
}
@article{Blumlein:1996qp,
    author = "Blumlein, Johannes and Boos, Edward and Kryukov, Alexander",
    title = "{Leptoquark pair production in hadronic interactions}",
    eprint = "hep-ph/9610408",
    archivePrefix = "arXiv",
    reportNumber = "DESY-96-174, DESY-96--174",
    doi = "10.1007/s002880050538",
    journal = "Z. Phys. C",
    volume = "76",
    pages = "137--153",
    year = "1997"
}
@article{Belyaev:2005ew,
    author = "Belyaev, Alexander and Leroy, Claude and Mehdiyev, Rashid and Pukhov, Alexander",
    title = "{Leptoquark single and pair production at LHC with CalcHEP/CompHEP in the complete model}",
    eprint = "hep-ph/0502067",
    archivePrefix = "arXiv",
    reportNumber = "MSU-HEP-070204",
    doi = "10.1088/1126-6708/2005/09/005",
    journal = "JHEP",
    volume = "09",
    pages = "005",
    year = "2005"
}
@article{CMS:2018bhq,
    collaboration = "CMS",
    title = "{Constraints on models of scalar and vector leptoquarks decaying to a quark and a neutrino at $\sqrt{s}=13~\mathrm{TeV}$}",
    reportNumber = "CMS-PAS-SUS-18-001",
    year = "2018"
}
@article{Henning:2014wua,
    author = "Henning, Brian and Lu, Xiaochuan and Murayama, Hitoshi",
    title = "{How to use the Standard Model effective field theory}",
    eprint = "1412.1837",
    archivePrefix = "arXiv",
    primaryClass = "hep-ph",
    reportNumber = "UCB-PTH-14-40, IPMU14-0353",
    doi = "10.1007/JHEP01(2016)023",
    journal = "JHEP",
    volume = "01",
    pages = "023",
    year = "2016"
}
@article{He:1990pn,
    author = "He, X. G. and Joshi, Girish C. and Lew, H. and Volkas, R. R.",
    title = "{NEW Z-prime PHENOMENOLOGY}",
    reportNumber = "UM-P-90/42, OZ-P-90/16",
    doi = "10.1103/PhysRevD.43.R22",
    journal = "Phys. Rev. D",
    volume = "43",
    pages = "22--24",
    year = "1991"
}
@article{He:1991qd,
    author = "He, Xiao-Gang and Joshi, Girish C. and Lew, H. and Volkas, R. R.",
    title = "{Simplest Z-prime model}",
    reportNumber = "CERN-TH-6084-91, UM-P-91-32, OZ-91-07",
    doi = "10.1103/PhysRevD.44.2118",
    journal = "Phys. Rev. D",
    volume = "44",
    pages = "2118--2132",
    year = "1991"
}
@article{Fajfer:2018bfj,
    author = "Fajfer, S. and Ko\v{s}nik, N. and Vale Silva, L.",
    title = "{Footprints of leptoquarks: from $ R_{K^{(*)}} $ to $ K \rightarrow \pi \nu \bar{\nu }$}",
    eprint = "1802.00786",
    archivePrefix = "arXiv",
    primaryClass = "hep-ph",
    doi = "10.1140/epjc/s10052-018-5757-5",
    journal = "Eur. Phys. J. C",
    volume = "78",
    number = "4",
    pages = "275",
    year = "2018"
}
@article{Greljo:2017vvb,
    author = "Greljo, Admir and Marzocca, David",
    title = "{High-$p_T$ dilepton tails and flavor physics}",
    eprint = "1704.09015",
    archivePrefix = "arXiv",
    primaryClass = "hep-ph",
    reportNumber = "ZU-TH-12-17",
    doi = "10.1140/epjc/s10052-017-5119-8",
    journal = "Eur. Phys. J. C",
    volume = "77",
    number = "8",
    pages = "548",
    year = "2017"
}
@article{Assad:2017iib,
    author = "Assad, Nima and Fornal, Bartosz and Grinstein, Benjamin",
    title = "{Baryon Number and Lepton Universality Violation in Leptoquark and Diquark Models}",
    eprint = "1708.06350",
    archivePrefix = "arXiv",
    primaryClass = "hep-ph",
    doi = "10.1016/j.physletb.2017.12.042",
    journal = "Phys. Lett. B",
    volume = "777",
    pages = "324--331",
    year = "2018"
}
@article{DiLuzio:2017vat,
    author = "Di Luzio, Luca and Greljo, Admir and Nardecchia, Marco",
    title = "{Gauge leptoquark as the origin of B-physics anomalies}",
    eprint = "1708.08450",
    archivePrefix = "arXiv",
    primaryClass = "hep-ph",
    reportNumber = "IPPP-17-66, ZU-TH-24-17",
    doi = "10.1103/PhysRevD.96.115011",
    journal = "Phys. Rev. D",
    volume = "96",
    number = "11",
    pages = "115011",
    year = "2017"
}
@article{Calibbi:2017qbu,
    author = "Calibbi, Lorenzo and Crivellin, Andreas and Li, Tianjun",
    title = "{Model of vector leptoquarks in view of the $B$-physics anomalies}",
    eprint = "1709.00692",
    archivePrefix = "arXiv",
    primaryClass = "hep-ph",
    reportNumber = "PSI-PR-12-17",
    doi = "10.1103/PhysRevD.98.115002",
    journal = "Phys. Rev. D",
    volume = "98",
    number = "11",
    pages = "115002",
    year = "2018"
}
