% Automatically generated with BiBminer 3000 (https://github.com/dfaroughy/BiBMiner)

@article{Phys.Rev.Lett.109.160401,
    author = "Apokin, V. D. and others",
    editor = "Heller, Kenneth J.",
    title = "{Search for azimuthal asymmetry of \ensuremath{\pi}0-meson production in beam fragmentation region on polarized protons and deuterons}",
    doi = "10.1063/1.38264",
    journal = "AIP Conf. Proc.",
    volume = "187",
    pages = "105--111",
    year = "2008"
}
@article{Ellis:2013yxa,
    author = "Apokin, V. D. and others",
    editor = "Heller, Kenneth J.",
    title = "{Search for azimuthal asymmetry of \ensuremath{\pi}0-meson production in beam fragmentation region on polarized protons and deuterons}",
    doi = "10.1063/1.38264",
    journal = "AIP Conf. Proc.",
    volume = "187",
    pages = "105--111",
    year = "2008"
}
@article{Phys.Lett.B829(2022)137105,
    author = "Apokin, V. D. and others",
    editor = "Heller, Kenneth J.",
    title = "{Search for azimuthal asymmetry of \ensuremath{\pi}0-meson production in beam fragmentation region on polarized protons and deuterons}",
    doi = "10.1063/1.38264",
    journal = "AIP Conf. Proc.",
    volume = "187",
    pages = "105--111",
    year = "2008"
}
@article{Brod:2013cka,
    author = "Apokin, V. D. and others",
    editor = "Heller, Kenneth J.",
    title = "{Search for azimuthal asymmetry of \ensuremath{\pi}0-meson production in beam fragmentation region on polarized protons and deuterons}",
    doi = "10.1063/1.38264",
    journal = "AIP Conf. Proc.",
    volume = "187",
    pages = "105--111",
    year = "2008"
}
@article{Boudjema:2015nda,
    author = "Apokin, V. D. and others",
    editor = "Heller, Kenneth J.",
    title = "{Search for azimuthal asymmetry of \ensuremath{\pi}0-meson production in beam fragmentation region on polarized protons and deuterons}",
    doi = "10.1063/1.38264",
    journal = "AIP Conf. Proc.",
    volume = "187",
    pages = "105--111",
    year = "2008"
}
@article{ProbablyWeinberg,
    author = "Apokin, V. D. and others",
    editor = "Heller, Kenneth J.",
    title = "{Search for azimuthal asymmetry of \ensuremath{\pi}0-meson production in beam fragmentation region on polarized protons and deuterons}",
    doi = "10.1063/1.38264",
    journal = "AIP Conf. Proc.",
    volume = "187",
    pages = "105--111",
    year = "2008"
}
@article{Khachatryan:2016vau,
    author = "Apokin, V. D. and others",
    editor = "Heller, Kenneth J.",
    title = "{Search for azimuthal asymmetry of \ensuremath{\pi}0-meson production in beam fragmentation region on polarized protons and deuterons}",
    doi = "10.1063/1.38264",
    journal = "AIP Conf. Proc.",
    volume = "187",
    pages = "105--111",
    year = "2008"
}
@article{Bhattacharyya:2012tj,
    author = "Apokin, V. D. and others",
    editor = "Heller, Kenneth J.",
    title = "{Search for azimuthal asymmetry of \ensuremath{\pi}0-meson production in beam fragmentation region on polarized protons and deuterons}",
    doi = "10.1063/1.38264",
    journal = "AIP Conf. Proc.",
    volume = "187",
    pages = "105--111",
    year = "2008"
}
@article{hep-ph/9605326,
    author = "Gunion, John F. and Grzadkowski, Bohdan and He, Xiao-Gang",
    title = "{Determining the top - anti-top and Z Z couplings of a neutral Higgs boson of arbitrary CP nature at the NLC}",
    eprint = "hep-ph/9605326",
    archivePrefix = "arXiv",
    reportNumber = "UCD-96-14, IFT-10-96",
    doi = "10.1103/PhysRevLett.77.5172",
    journal = "Phys. Rev. Lett.",
    volume = "77",
    pages = "5172--5175",
    year = "1996"
}
@article{BhupalDev:2007ftb,
    author = "Apokin, V. D. and others",
    editor = "Heller, Kenneth J.",
    title = "{Search for azimuthal asymmetry of \ensuremath{\pi}0-meson production in beam fragmentation region on polarized protons and deuterons}",
    doi = "10.1063/1.38264",
    journal = "AIP Conf. Proc.",
    volume = "187",
    pages = "105--111",
    year = "2008"
}
@article{<In_preparation><Arkani-Hamed;Nima><Randall;Lisa><2022>,
    author = "Arkani-Hamed, Nima and Randall, Lisa",
    title = "In preparation",
    year = "2022"}
@article{Fajfer:2012si,
    author = "Apokin, V. D. and others",
    editor = "Heller, Kenneth J.",
    title = "{Search for azimuthal asymmetry of \ensuremath{\pi}0-meson production in beam fragmentation region on polarized protons and deuterons}",
    doi = "10.1063/1.38264",
    journal = "AIP Conf. Proc.",
    volume = "187",
    pages = "105--111",
    year = "2008"
}
@article{SciPostPhys.7(2019)014,
    author = "Apokin, V. D. and others",
    editor = "Heller, Kenneth J.",
    title = "{Search for azimuthal asymmetry of \ensuremath{\pi}0-meson production in beam fragmentation region on polarized protons and deuterons}",
    doi = "10.1063/1.38264",
    journal = "AIP Conf. Proc.",
    volume = "187",
    pages = "105--111",
    year = "2008"
}
@article{Comput.Phys.Commun.276(2022)108330,
    author = "Apokin, V. D. and others",
    editor = "Heller, Kenneth J.",
    title = "{Search for azimuthal asymmetry of \ensuremath{\pi}0-meson production in beam fragmentation region on polarized protons and deuterons}",
    doi = "10.1063/1.38264",
    journal = "AIP Conf. Proc.",
    volume = "187",
    pages = "105--111",
    year = "2008"
}
@article{LHCB-PAPER-2017-013,
    author = "Apokin, V. D. and others",
    editor = "Heller, Kenneth J.",
    title = "{Search for azimuthal asymmetry of \ensuremath{\pi}0-meson production in beam fragmentation region on polarized protons and deuterons}",
    doi = "10.1063/1.38264",
    journal = "AIP Conf. Proc.",
    volume = "187",
    pages = "105--111",
    year = "2008"
}
@article{Eur.Phys.J.C80(2020)7.641,
    author = "Apokin, V. D. and others",
    editor = "Heller, Kenneth J.",
    title = "{Search for azimuthal asymmetry of \ensuremath{\pi}0-meson production in beam fragmentation region on polarized protons and deuterons}",
    doi = "10.1063/1.38264",
    journal = "AIP Conf. Proc.",
    volume = "187",
    pages = "105--111",
    year = "2008"
}
@article{Coleppa:2017rgb,
    author = "Apokin, V. D. and others",
    editor = "Heller, Kenneth J.",
    title = "{Search for azimuthal asymmetry of \ensuremath{\pi}0-meson production in beam fragmentation region on polarized protons and deuterons}",
    doi = "10.1063/1.38264",
    journal = "AIP Conf. Proc.",
    volume = "187",
    pages = "105--111",
    year = "2008"
}
@article{ChavezFrias:666sob,
    author = "Apokin, V. D. and others",
    editor = "Heller, Kenneth J.",
    title = "{Search for azimuthal asymmetry of \ensuremath{\pi}0-meson production in beam fragmentation region on polarized protons and deuterons}",
    doi = "10.1063/1.38264",
    journal = "AIP Conf. Proc.",
    volume = "187",
    pages = "105--111",
    year = "2008"
}
@article{ATLAS-CONF-2021-025,
    author = "Apokin, V. D. and others",
    editor = "Heller, Kenneth J.",
    title = "{Search for azimuthal asymmetry of \ensuremath{\pi}0-meson production in beam fragmentation region on polarized protons and deuterons}",
    doi = "10.1063/1.38264",
    journal = "AIP Conf. Proc.",
    volume = "187",
    pages = "105--111",
    year = "2008"
}
@article{Gritsan:2016hjl,
    author = "Apokin, V. D. and others",
    editor = "Heller, Kenneth J.",
    title = "{Search for azimuthal asymmetry of \ensuremath{\pi}0-meson production in beam fragmentation region on polarized protons and deuterons}",
    doi = "10.1063/1.38264",
    journal = "AIP Conf. Proc.",
    volume = "187",
    pages = "105--111",
    year = "2008"
}
@article{<Private_Communacation><Glashow;Sheldon><2022>,
    author = "Glashow, Sheldon",
    title = "Private Communacation",
    year = "2022"}
@article{hep-ph/9501339,
    author = "Grzadkowski, B. and Gunion, J. F.",
    title = "{Using decay angle correlations to detect CP violation in the neutral Higgs sector}",
    eprint = "hep-ph/9501339",
    archivePrefix = "arXiv",
    reportNumber = "UCD-95-5, IFT-3-95",
    doi = "10.1016/0370-2693(95)00369-V",
    journal = "Phys. Lett. B",
    volume = "350",
    pages = "218--224",
    year = "1995"
}
@article{1407.5089,
    author = "Demartin, Federico and Maltoni, Fabio and Mawatari, Kentarou and Page, Ben and Zaro, Marco",
    title = "{Higgs characterisation at NLO in QCD: CP properties of the top-quark Yukawa interaction}",
    eprint = "1407.5089",
    archivePrefix = "arXiv",
    primaryClass = "hep-ph",
    reportNumber = "CP3-14-59, LPN14-096, MCNET-14-21",
    doi = "10.1140/epjc/s10052-014-3065-2",
    journal = "Eur. Phys. J. C",
    volume = "74",
    number = "9",
    pages = "3065",
    year = "2014"
}
@article{1507.07926,
    author = "Buckley, Matthew R. and Goncalves, Dorival",
    title = "{Boosting the Direct CP Measurement of the Higgs-Top Coupling}",
    eprint = "1507.07926",
    archivePrefix = "arXiv",
    primaryClass = "hep-ph",
    reportNumber = "IPPP-15-49, DCPT-15-98",
    doi = "10.1103/PhysRevLett.116.091801",
    journal = "Phys. Rev. Lett.",
    volume = "116",
    number = "9",
    pages = "091801",
    year = "2016"
}
@article{1603.03632,
    author = "Mileo, Nicolas and Kiers, Ken and Szynkman, Alejandro and Crane, Daniel and Gegner, Ethan",
    title = "{Pseudoscalar top-Higgs coupling: exploration of CP-odd observables to resolve the sign ambiguity}",
    eprint = "1603.03632",
    archivePrefix = "arXiv",
    primaryClass = "hep-ph",
    doi = "10.1007/JHEP07(2016)056",
    journal = "JHEP",
    volume = "07",
    pages = "056",
    year = "2016"
}
@article{Li:2017dyz,
    author = "Apokin, V. D. and others",
    editor = "Heller, Kenneth J.",
    title = "{Search for azimuthal asymmetry of \ensuremath{\pi}0-meson production in beam fragmentation region on polarized protons and deuterons}",
    doi = "10.1063/1.38264",
    journal = "AIP Conf. Proc.",
    volume = "187",
    pages = "105--111",
    year = "2008"
}
@article{AmorDosSantos:2017ayi,
    author = "Apokin, V. D. and others",
    editor = "Heller, Kenneth J.",
    title = "{Search for azimuthal asymmetry of \ensuremath{\pi}0-meson production in beam fragmentation region on polarized protons and deuterons}",
    doi = "10.1063/1.38264",
    journal = "AIP Conf. Proc.",
    volume = "187",
    pages = "105--111",
    year = "2008"
}
@article{1804.05874,
    author = "Gon\c{c}alves, Dorival and Kong, Kyoungchul and Kim, Jeong Han",
    title = "{Probing the top-Higgs Yukawa CP structure in dileptonic $ t\overline{t}h $ with M$_{2}$-assisted reconstruction}",
    eprint = "1804.05874",
    archivePrefix = "arXiv",
    primaryClass = "hep-ph",
    reportNumber = "PITT-PACC-1807",
    doi = "10.1007/JHEP06(2018)079",
    journal = "JHEP",
    volume = "06",
    pages = "079",
    year = "2018"
}
@article{FERMILAB-PUB-15-107-T,
    author = "Apokin, V. D. and others",
    editor = "Heller, Kenneth J.",
    title = "{Search for azimuthal asymmetry of \ensuremath{\pi}0-meson production in beam fragmentation region on polarized protons and deuterons}",
    doi = "10.1063/1.38264",
    journal = "AIP Conf. Proc.",
    volume = "187",
    pages = "105--111",
    year = "2008"
}
@article{<A_Planar_Diagram_Theory_for_Strong_Interactions><t`Hoft;Gerard><1973>,
    author = "t`Hoft, Gerard",
    title = "A Planar Diagram Theory for Strong Interactions",
    year = "1973"}
@article{SovietGuy,
    author = "Apokin, V. D. and others",
    editor = "Heller, Kenneth J.",
    title = "{Search for azimuthal asymmetry of \ensuremath{\pi}0-meson production in beam fragmentation region on polarized protons and deuterons}",
    doi = "10.1063/1.38264",
    journal = "AIP Conf. Proc.",
    volume = "187",
    pages = "105--111",
    year = "2008"
}
