@article{Ellis:2013yxa,
    author = "Ellis, John and Hwang, Dae Sung and Sakurai, Kazuki and Takeuchi, Michihisa",
    title = "{Disentangling Higgs-Top Couplings in Associated Production}",
    eprint = "1312.5736",
    archivePrefix = "arXiv",
    primaryClass = "hep-ph",
    reportNumber = "KCL-PH-TH-2013-47, LCTS-2013-35, CERN-PH-TH-2013-312",
    doi = "10.1007/JHEP04(2014)004",
    journal = "JHEP",
    volume = "04",
    pages = "004",
    year = "2014"
}
@article{Khachatryan:2016vau,
    author = "Aad, Georges and others",
    collaboration = "ATLAS, CMS",
    title = "{Measurements of the Higgs boson production and decay rates and constraints on its couplings from a combined ATLAS and CMS analysis of the LHC pp collision data at $ \sqrt{s}=7 $ and 8 TeV}",
    eprint = "1606.02266",
    archivePrefix = "arXiv",
    primaryClass = "hep-ex",
    reportNumber = "CERN-EP-2016-100, ATLAS-HIGG-2015-07, CMS-HIG-15-002",
    doi = "10.1007/JHEP08(2016)045",
    journal = "JHEP",
    volume = "08",
    pages = "045",
    year = "2016"
}
@article{Bhattacharyya:2012tj,
    author = "Bhattacharyya, Gautam and Das, Dipankar and Pal, Palash B.",
    title = "{Modified Higgs couplings and unitarity violation}",
    eprint = "1212.4651",
    archivePrefix = "arXiv",
    primaryClass = "hep-ph",
    reportNumber = "SINP-TNP-2012-16",
    doi = "10.1103/PhysRevD.87.011702",
    journal = "Phys. Rev. D",
    volume = "87",
    pages = "011702",
    year = "2013"
}
@article{Brod:2013cka,
    author = "Brod, Joachim and Haisch, Ulrich and Zupan, Jure",
    title = "{Constraints on CP-violating Higgs couplings to the third generation}",
    eprint = "1310.1385",
    archivePrefix = "arXiv",
    primaryClass = "hep-ph",
    reportNumber = "NSF-KITP-13-229",
    doi = "10.1007/JHEP11(2013)180",
    journal = "JHEP",
    volume = "11",
    pages = "180",
    year = "2013"
}
@article{Boudjema:2015nda,
    author = "Boudjema, Fawzi and Godbole, Rohini M. and Guadagnoli, Diego and Mohan, Kirtimaan A.",
    title = "{Lab-frame observables for probing the top-Higgs interaction}",
    eprint = "1501.03157",
    archivePrefix = "arXiv",
    primaryClass = "hep-ph",
    reportNumber = "LAPTH-004-15, MSUHEP-150113",
    doi = "10.1103/PhysRevD.92.015019",
    journal = "Phys. Rev. D",
    volume = "92",
    number = "1",
    pages = "015019",
    year = "2015"
}
@article{hep-ph/9501339,
    author = "Grzadkowski, B. and Gunion, J. F.",
    title = "{Using decay angle correlations to detect CP violation in the neutral Higgs sector}",
    eprint = "hep-ph/9501339",
    archivePrefix = "arXiv",
    reportNumber = "UCD-95-5, IFT-3-95",
    doi = "10.1016/0370-2693(95)00369-V",
    journal = "Phys. Lett. B",
    volume = "350",
    pages = "218--224",
    year = "1995"
}
@article{1407.5089,
    author = "Demartin, Federico and Maltoni, Fabio and Mawatari, Kentarou and Page, Ben and Zaro, Marco",
    title = "{Higgs characterisation at NLO in QCD: CP properties of the top-quark Yukawa interaction}",
    eprint = "1407.5089",
    archivePrefix = "arXiv",
    primaryClass = "hep-ph",
    reportNumber = "CP3-14-59, LPN14-096, MCNET-14-21",
    doi = "10.1140/epjc/s10052-014-3065-2",
    journal = "Eur. Phys. J. C",
    volume = "74",
    number = "9",
    pages = "3065",
    year = "2014"
}
@article{1507.07926,
    author = "Buckley, Matthew R. and Goncalves, Dorival",
    title = "{Boosting the Direct CP Measurement of the Higgs-Top Coupling}",
    eprint = "1507.07926",
    archivePrefix = "arXiv",
    primaryClass = "hep-ph",
    reportNumber = "IPPP-15-49, DCPT-15-98",
    doi = "10.1103/PhysRevLett.116.091801",
    journal = "Phys. Rev. Lett.",
    volume = "116",
    number = "9",
    pages = "091801",
    year = "2016"
}
@article{1603.03632,
    author = "Mileo, Nicolas and Kiers, Ken and Szynkman, Alejandro and Crane, Daniel and Gegner, Ethan",
    title = "{Pseudoscalar top-Higgs coupling: exploration of CP-odd observables to resolve the sign ambiguity}",
    eprint = "1603.03632",
    archivePrefix = "arXiv",
    primaryClass = "hep-ph",
    doi = "10.1007/JHEP07(2016)056",
    journal = "JHEP",
    volume = "07",
    pages = "056",
    year = "2016"
}
@article{Gritsan:2016hjl,
    author = {Gritsan, Andrei V. and R\"ontsch, Raoul and Schulze, Markus and Xiao, Meng},
    title = "{Constraining anomalous Higgs boson couplings to the heavy flavor fermions using matrix element techniques}",
    eprint = "1606.03107",
    archivePrefix = "arXiv",
    primaryClass = "hep-ph",
    reportNumber = "TTP16-020, CERN-TH-2016-135",
    doi = "10.1103/PhysRevD.94.055023",
    journal = "Phys. Rev. D",
    volume = "94",
    number = "5",
    pages = "055023",
    year = "2016"
}
@article{Li:2017dyz,
    author = "Li, Jinmian and Si, Zong-guo and Wu, Lei and Yue, Jason",
    title = "{Central-edge asymmetry as a probe of Higgs-top coupling in $t\bar{t}h$ production at the LHC}",
    eprint = "1701.00224",
    archivePrefix = "arXiv",
    primaryClass = "hep-ph",
    doi = "10.1016/j.physletb.2018.02.009",
    journal = "Phys. Lett. B",
    volume = "779",
    pages = "72--76",
    year = "2018"
}
@article{AmorDosSantos:2017ayi,
    author = "Amor Dos Santos, S. and others",
    title = "{Probing the CP nature of the Higgs coupling in $t{\bar t}h$ events at the LHC}",
    eprint = "1704.03565",
    archivePrefix = "arXiv",
    primaryClass = "hep-ph",
    doi = "10.1103/PhysRevD.96.013004",
    journal = "Phys. Rev. D",
    volume = "96",
    number = "1",
    pages = "013004",
    year = "2017"
}
@article{1804.05874,
    author = "Gon\c{c}alves, Dorival and Kong, Kyoungchul and Kim, Jeong Han",
    title = "{Probing the top-Higgs Yukawa CP structure in dileptonic $ t\overline{t}h $ with M$_{2}$-assisted reconstruction}",
    eprint = "1804.05874",
    archivePrefix = "arXiv",
    primaryClass = "hep-ph",
    reportNumber = "PITT-PACC-1807",
    doi = "10.1007/JHEP06(2018)079",
    journal = "JHEP",
    volume = "06",
    pages = "079",
    year = "2018"
}
@article{hep-ph/9605326,
    author = "Gunion, John F. and Grzadkowski, Bohdan and He, Xiao-Gang",
    title = "{Determining the top - anti-top and Z Z couplings of a neutral Higgs boson of arbitrary CP nature at the NLC}",
    eprint = "hep-ph/9605326",
    archivePrefix = "arXiv",
    reportNumber = "UCD-96-14, IFT-10-96",
    doi = "10.1103/PhysRevLett.77.5172",
    journal = "Phys. Rev. Lett.",
    volume = "77",
    pages = "5172--5175",
    year = "1996"
}
@article{BhupalDev:2007ftb,
    author = "Bhupal Dev, P. S. and Djouadi, A. and Godbole, R. M. and Muhlleitner, M. M. and Rindani, S. D.",
    title = "{Determining the CP properties of the Higgs boson}",
    eprint = "0707.2878",
    archivePrefix = "arXiv",
    primaryClass = "hep-ph",
    reportNumber = "IISC-CHEP-7-07, CERN-PH-TH-2007-115, LPT-ORSAY-07-49, LAPTH-1194-07",
    doi = "10.1103/PhysRevLett.100.051801",
    journal = "Phys. Rev. Lett.",
    volume = "100",
    pages = "051801",
    year = "2008"
}
@article{Kobakhidze:2014gqa,
    author = "Kobakhidze, Archil and Wu, Lei and Yue, Jason",
    title = "{Anomalous Top-Higgs Couplings and Top Polarisation in Single Top and Higgs Associated Production at the LHC}",
    eprint = "1406.1961",
    archivePrefix = "arXiv",
    primaryClass = "hep-ph",
    doi = "10.1007/JHEP10(2014)100",
    journal = "JHEP",
    volume = "10",
    pages = "100",
    year = "2014"
}
@article{1410.2701,
    author = "Yue, Jason",
    title = "{Enhanced $thj$ signal at the LHC with $h\rightarrow \gamma\gamma$ decay and $\mathcal{CP}$-violating top-Higgs coupling}",
    eprint = "1410.2701",
    archivePrefix = "arXiv",
    primaryClass = "hep-ph",
    doi = "10.1016/j.physletb.2015.03.044",
    journal = "Phys. Lett. B",
    volume = "744",
    pages = "131--136",
    year = "2015"
}
@article{1504.00611,
    author = "Demartin, Federico and Maltoni, Fabio and Mawatari, Kentarou and Zaro, Marco",
    title = "{Higgs production in association with a single top quark at the LHC}",
    eprint = "1504.00611",
    archivePrefix = "arXiv",
    primaryClass = "hep-ph",
    reportNumber = "MCNET-15-07, CP3-15-08",
    doi = "10.1140/epjc/s10052-015-3475-9",
    journal = "Eur. Phys. J. C",
    volume = "75",
    number = "6",
    pages = "267",
    year = "2015"
}
@article{1807.00281,
    author = "Barger, Vernon and Hagiwara, Kaoru and Zheng, Ya-Juan",
    title = "{Probing the Higgs Yukawa coupling to the top quark at the LHC via single top+Higgs production}",
    eprint = "1807.00281",
    archivePrefix = "arXiv",
    primaryClass = "hep-ph",
    reportNumber = "KEK-TH-2058, PITT-PACC-1811, OU-HET-974",
    doi = "10.1103/PhysRevD.99.031701",
    journal = "Phys. Rev. D",
    volume = "99",
    number = "3",
    pages = "031701",
    year = "2019"
}
@article{Kraus:2019myc,
    author = "Kraus, Manfred and Martini, Till and Peitzsch, Sascha and Uwer, Peter",
    title = "{Exploring BSM Higgs couplings in single top-quark production}",
    eprint = "1908.09100",
    archivePrefix = "arXiv",
    primaryClass = "hep-ph",
    reportNumber = "HU-EP-19/21",
    month = "8",
    year = "2019"
}
@article{Coleppa:2017rgb,
    author = "Coleppa, Baradhwaj and Kumar, Mukesh and Kumar, Satendra and Mellado, Bruce",
    title = "{Measuring CP nature of top-Higgs couplings at the future Large Hadron electron collider}",
    eprint = "1702.03426",
    archivePrefix = "arXiv",
    primaryClass = "hep-ph",
    doi = "10.1016/j.physletb.2017.05.006",
    journal = "Phys. Lett. B",
    volume = "770",
    pages = "335--341",
    year = "2017"
}
@article{Fajfer:2012si,
    author = "Fajfer, Svjetlana and Kamenik, Jernej F. and Melic, Blazenka",
    title = "{Discerning New Physics in Top-Antitop Production using Top Spin Observables at Hadron Colliders}",
    eprint = "1205.0264",
    archivePrefix = "arXiv",
    primaryClass = "hep-ph",
    doi = "10.1007/JHEP08(2012)114",
    journal = "JHEP",
    volume = "08",
    pages = "114",
    year = "2012"
}
@article{AguilarSaavedra:2009mx,
    author = "Aguilar-Saavedra, J. A.",
    title = "{A Minimal set of top-Higgs anomalous couplings}",
    eprint = "0904.2387",
    archivePrefix = "arXiv",
    primaryClass = "hep-ph",
    doi = "10.1016/j.nuclphysb.2009.06.022",
    journal = "Nucl. Phys. B",
    volume = "821",
    pages = "215--227",
    year = "2009"
}
@article{Mangano:2016jyj,
    author = "Mangano, M. L. and others",
    title = "{Physics at a 100 TeV pp Collider: Standard Model Processes}",
    eprint = "1607.01831",
    archivePrefix = "arXiv",
    primaryClass = "hep-ph",
    reportNumber = "CERN-TH-2016-112",
    doi = "10.23731/CYRM-2017-003.1",
    month = "7",
    year = "2016"
}
@article{Dicus:1984fu,
    author = "Dicus, Duane A. and Sudarshan, E. C. G. and Tata, Xerxes",
    title = "{Factorization Theorem for Decaying Spinning Particles}",
    reportNumber = "DOE-ER-03992-567",
    doi = "10.1016/0370-2693(85)91571-0",
    journal = "Phys. Lett. B",
    volume = "154",
    pages = "79--85",
    year = "1985"
}
@article{hep-ph/0403035,
    author = "Bernreuther, W. and Brandenburg, A. and Si, Z. G. and Uwer, P.",
    title = "{Top quark pair production and decay at hadron colliders}",
    eprint = "hep-ph/0403035",
    archivePrefix = "arXiv",
    reportNumber = "CERN-PH-TH-2004-046, DESY-04-026, PITHA-04-06, TTP04-03",
    doi = "10.1016/j.nuclphysb.2004.04.019",
    journal = "Nucl. Phys. B",
    volume = "690",
    pages = "81--137",
    year = "2004"
}
@article{Atwood:2000tu,
    author = "Atwood, David and Bar-Shalom, Shaouly and Eilam, Gad and Soni, Amarjit",
    title = "{CP violation in top physics}",
    eprint = "hep-ph/0006032",
    archivePrefix = "arXiv",
    reportNumber = "AMES-HET-00-03, BNL-HET-00-7, ROME1-1294-00",
    doi = "10.1016/S0370-1573(00)00112-5",
    journal = "Phys. Rept.",
    volume = "347",
    pages = "1--222",
    year = "2001"
}
@article{Atwood:1991ka,
    author = "Atwood, D. and Soni, A.",
    title = "{Analysis for magnetic moment and electric dipole moment form-factors of the top quark via e+ e- ---\ensuremath{>} t anti-t}",
    reportNumber = "BNL-46892",
    doi = "10.1103/PhysRevD.45.2405",
    journal = "Phys. Rev. D",
    volume = "45",
    pages = "2405--2413",
    year = "1992"
}
@article{Alwall:2014hca,
    author = "Alwall, J. and Frederix, R. and Frixione, S. and Hirschi, V. and Maltoni, F. and Mattelaer, O. and Shao, H. -S. and Stelzer, T. and Torrielli, P. and Zaro, M.",
    title = "{The automated computation of tree-level and next-to-leading order differential cross sections, and their matching to parton shower simulations}",
    eprint = "1405.0301",
    archivePrefix = "arXiv",
    primaryClass = "hep-ph",
    reportNumber = "CERN-PH-TH-2014-064, CP3-14-18, LPN14-066, MCNET-14-09, ZU-TH-14-14",
    doi = "10.1007/JHEP07(2014)079",
    journal = "JHEP",
    volume = "07",
    pages = "079",
    year = "2014"
}
@article{1212.3460,
    author = "Artoisenet, Pierre and Frederix, Rikkert and Mattelaer, Olivier and Rietkerk, Robbert",
    title = "{Automatic spin-entangled decays of heavy resonances in Monte Carlo simulations}",
    eprint = "1212.3460",
    archivePrefix = "arXiv",
    primaryClass = "hep-ph",
    reportNumber = "NIKHEF-2012-021, CERN-PH-TH-2012-329",
    doi = "10.1007/JHEP03(2013)015",
    journal = "JHEP",
    volume = "03",
    pages = "015",
    year = "2013"
}
@article{Degrande:2011ua,
    author = "Degrande, Celine and Duhr, Claude and Fuks, Benjamin and Grellscheid, David and Mattelaer, Olivier and Reiter, Thomas",
    title = "{UFO - The Universal FeynRules Output}",
    eprint = "1108.2040",
    archivePrefix = "arXiv",
    primaryClass = "hep-ph",
    reportNumber = "CP3-11-25, IPHC-PHENO-11-04, IPPP-11-39, DCPT-11-78, MPP-2011-68",
    doi = "10.1016/j.cpc.2012.01.022",
    journal = "Comput. Phys. Commun.",
    volume = "183",
    pages = "1201--1214",
    year = "2012"
}
@article{Artoisenet:2013puc,
    author = "Artoisenet, P. and others",
    title = "{A framework for Higgs characterisation}",
    eprint = "1306.6464",
    archivePrefix = "arXiv",
    primaryClass = "hep-ph",
    reportNumber = "CERN-PH-TH-2013-148",
    doi = "10.1007/JHEP11(2013)043",
    journal = "JHEP",
    volume = "11",
    pages = "043",
    year = "2013"
}
@article{1907.04343,
    author = "Broggio, Alessandro and Ferroglia, Andrea and Frederix, Rikkert and Pagani, Davide and Pecjak, Benjamin D. and Tsinikos, Ioannis",
    title = "{Top-quark pair hadroproduction in association with a heavy boson at NLO+NNLL including EW corrections}",
    eprint = "1907.04343",
    archivePrefix = "arXiv",
    primaryClass = "hep-ph",
    reportNumber = "TUM-HEP-1208/19, LU-TP 19-30, IPPP/19/57",
    doi = "10.1007/JHEP08(2019)039",
    journal = "JHEP",
    volume = "08",
    pages = "039",
    year = "2019"
}
@article{Sjostrand:2007gs,
    author = "Sjostrand, Torbjorn and Mrenna, Stephen and Skands, Peter Z.",
    title = "{A Brief Introduction to PYTHIA 8.1}",
    eprint = "0710.3820",
    archivePrefix = "arXiv",
    primaryClass = "hep-ph",
    reportNumber = "CERN-LCGAPP-2007-04, LU-TP-07-28, FERMILAB-PUB-07-512-CD-T",
    doi = "10.1016/j.cpc.2008.01.036",
    journal = "Comput. Phys. Commun.",
    volume = "178",
    pages = "852--867",
    year = "2008"
}
@article{Cacciari:2011ma,
    author = "Cacciari, Matteo and Salam, Gavin P. and Soyez, Gregory",
    title = "{FastJet User Manual}",
    eprint = "1111.6097",
    archivePrefix = "arXiv",
    primaryClass = "hep-ph",
    reportNumber = "CERN-PH-TH-2011-297",
    doi = "10.1140/epjc/s10052-012-1896-2",
    journal = "Eur. Phys. J. C",
    volume = "72",
    pages = "1896",
    year = "2012"
}
@article{deFavereau:2013fsa,
    author = "de Favereau, J. and Delaere, C. and Demin, P. and Giammanco, A. and Lema\^\i{}tre, V. and Mertens, A. and Selvaggi, M.",
    collaboration = "DELPHES 3",
    title = "{DELPHES 3, A modular framework for fast simulation of a generic collider experiment}",
    eprint = "1307.6346",
    archivePrefix = "arXiv",
    primaryClass = "hep-ex",
    doi = "10.1007/JHEP02(2014)057",
    journal = "JHEP",
    volume = "02",
    pages = "057",
    year = "2014"
}
@article{Mangano:2006rw,
    author = "Mangano, Michelangelo L. and Moretti, Mauro and Piccinini, Fulvio and Treccani, Michele",
    title = "{Matching matrix elements and shower evolution for top-quark production in hadronic collisions}",
    eprint = "hep-ph/0611129",
    archivePrefix = "arXiv",
    reportNumber = "CERN-PH-TH-2006-232, FNT-T-2006-09",
    doi = "10.1088/1126-6708/2007/01/013",
    journal = "JHEP",
    volume = "01",
    pages = "013",
    year = "2007"
}
@article{Farina:2012xp,
    author = "Farina, Marco and Grojean, Christophe and Maltoni, Fabio and Salvioni, Ennio and Thamm, Andrea",
    title = "{Lifting degeneracies in Higgs couplings using single top production in association with a Higgs boson}",
    eprint = "1211.3736",
    archivePrefix = "arXiv",
    primaryClass = "hep-ph",
    reportNumber = "CERN-PH-TH-2012-313, DFPD-2012-TH-20, CP3-12-47",
    doi = "10.1007/JHEP05(2013)022",
    journal = "JHEP",
    volume = "05",
    pages = "022",
    year = "2013"
}
@article{1712.08895,
    author = "Aaboud, Morad and others",
    collaboration = "ATLAS",
    title = "{Search for the standard model Higgs boson produced in association with top quarks and decaying into a $b\bar{b}$ pair in $pp$ collisions at $\sqrt{s}$ = 13  TeV with the ATLAS detector}",
    eprint = "1712.08895",
    archivePrefix = "arXiv",
    primaryClass = "hep-ex",
    reportNumber = "CERN-EP-2017-291",
    doi = "10.1103/PhysRevD.97.072016",
    journal = "Phys. Rev. D",
    volume = "97",
    number = "7",
    pages = "072016",
    year = "2018"
}
@article{1806.00425,
    author = "Aaboud, M. and others",
    collaboration = "ATLAS",
    title = "{Observation of Higgs boson production in association with a top quark pair at the LHC with the ATLAS detector}",
    eprint = "1806.00425",
    archivePrefix = "arXiv",
    primaryClass = "hep-ex",
    reportNumber = "CERN-EP-2018-138",
    doi = "10.1016/j.physletb.2018.07.035",
    journal = "Phys. Lett. B",
    volume = "784",
    pages = "173--191",
    year = "2018"
}
@article{Krohn:2012fg,
    author = "Krohn, David and Schwartz, Matthew D. and Lin, Tongyan and Waalewijn, Wouter J.",
    title = "{Jet Charge at the LHC}",
    eprint = "1209.2421",
    archivePrefix = "arXiv",
    primaryClass = "hep-ph",
    doi = "10.1103/PhysRevLett.110.212001",
    journal = "Phys. Rev. Lett.",
    volume = "110",
    number = "21",
    pages = "212001",
    year = "2013"
}
@article{Fraser:2018ieu,
    author = "Fraser, Katherine and Schwartz, Matthew D.",
    title = "{Jet Charge and Machine Learning}",
    eprint = "1803.08066",
    archivePrefix = "arXiv",
    primaryClass = "hep-ph",
    doi = "10.1007/JHEP10(2018)093",
    journal = "JHEP",
    volume = "10",
    pages = "093",
    year = "2018"
}
@article{ATLAS:2018lhe,
    collaboration = "ATLAS",
    title = "{Measurement of the Jet Vertex Charge algorithm performance for identified $b$-jets in $t\bar{t}$ events in $pp$ collisions with the ATLAS detector}",
    reportNumber = "ATLAS-CONF-2018-022",
    month = "6",
    year = "2018"
}
@article{hep-ph/9312210,
    author = "Bernreuther, Werner and Brandenburg, Arnd",
    title = "{Tracing CP violation in the production of top quark pairs by multiple TeV proton proton collisions}",
    eprint = "hep-ph/9312210",
    archivePrefix = "arXiv",
    reportNumber = "SLAC-PUB-6403, PITHA-93-43",
    doi = "10.1103/PhysRevD.49.4481",
    journal = "Phys. Rev. D",
    volume = "49",
    pages = "4481--4492",
    year = "1994"
}
@article{Contino:2016spe,
    author = "Contino, R. and others",
    title = "{Physics at a 100 TeV pp collider: Higgs and EW symmetry breaking studies}",
    eprint = "1606.09408",
    archivePrefix = "arXiv",
    primaryClass = "hep-ph",
    reportNumber = "CERN-TH-2016-113",
    doi = "10.23731/CYRM-2017-003.255",
    month = "6",
    year = "2016"
}
@article{Benedikt:2018csr,
    author = "Abada, A. and others",
    collaboration = "FCC",
    title = "{FCC-hh: The Hadron Collider}: {Future Circular Collider Conceptual Design Report Volume 3}",
    reportNumber = "CERN-ACC-2018-0058",
    doi = "10.1140/epjst/e2019-900087-0",
    journal = "Eur. Phys. J. ST",
    volume = "228",
    number = "4",
    pages = "755--1107",
    year = "2019"
}
